@article{burke2012late,
  title={The late acceptance hill-climbing heuristic},
  author={Burke, Edmund K and Bykov, Yuri},
  journal={University of Stirling, Tech. Rep},
  year={2012}
}

@article{mladenovic1997variable,
	title={Variable neighborhood search},
	author={Mladenovi{\'c}, Nenad and Hansen, Pierre},
	journal={Computers \& Operations Research},
	volume={24},
	number={11},
	pages={1097--1100},
	year={1997},
	publisher={Elsevier}
}

@techreport{LopDubStu2011irace,
	author = { Manuel L{\'o}pez-Ib{\'a}{\~n}ez  and  J{\'e}r{\'e}mie Dubois-Lacoste  and  Thomas St{\"u}tzle  and  Mauro Birattari },
	title = {The irace package, Iterated Race for
	Automatic Algorithm Configuration},
	institution = {IRIDIA, Universit{\'e} Libre de Bruxelles, Belgium},
	year = 2011,
	number = {TR/IRIDIA/2011-004},
	url = {http://iridia.ulb.ac.be/IridiaTrSeries/IridiaTr2011-004.pdf}
}

@techreport